Use this file as a giant database of all the references you have ever used in any LaTeX document.
References that aren't cited in this specific document are cleanly ignored, and won't appear in your final PDF.
For more info, see:
http://nwalsh.com/tex/texhelp/bibtx-4.html
http://en.wikipedia.org/wiki/BibTeX
http://amath.colorado.edu/documentation/LaTeX/reference/faq/bibstyles.html



@article{CCAsmriSNPneurosciletterHardoon2009,
	author = {David R. Hardoon and Ulrich Ettinger and Janaina Mourao-Miranda and Elena Antonova and David Collier and Veena Kumari and Steven C.R. Williams and Michael Brammer},
	title = "Correlation-based multivariate analysis of genetic influence on brain volume",
	journal = "Neuroscience Letters",
	volume = "450",
	pages = "281-–286",
	year = "2009"
}


@misc{icatbFusion2009,
  title = "Fusion ICA Toolbox",
  day = "28",
  month = "October",
  year = "2009",
  howpublished = "Sourceforge",
  note = "http://icatb.sourceforge.net/fusion/download\_links.htm"
}

@article{parallelICAfmriSNPhbmLiu09,
	author = {Jingyu Liu and Godfrey Pearlson and Andreas Windemuth and Gualberto Ruano and Nora I. Perrone-Bizzozero and Vince Calhoun},
	title = "Combining \lowercase{f}\uppercase{MRI} and \uppercase{SNP} Data to Investigate Connections Between Brain Function and Genetics Using Parallel \uppercase{ICA}",
	journal = "Human Brain Mapping",
	volume = "30",
	pages = "241--255",
	month = "Jan",
	year = "2009"
}



@misc{PolarisCoached2007,
  author = "Jake Gosselin",
  title = "The First Man-Versus-Machine Poker Championship",
  day = "1",
  month = "August",
  year = "2007",
  howpublished = "Bodog Nation",
  note = "http://www.cs.ualberta.ca/~games/poker/man-machine/2007/Press/bodog\_08-01-2007/"
}

@inbook{ICMmag2007,
  author = "Richard Burke",
  title = "Poker Player",
  chapter = "The ICM",
  publisher = "Poker Player",
  day = "29",
  month = "October",
  year = "2007"
}

@unpublished{ICMweb2007,
	author = "Richard Burke",
	title = "The ICM",
	note = "http://www.pokerplayernewspaper.com/viewarticle.php?sort=topic&id=2329",
	year = "2007"
}


@article{KellyCriterion,
	author = "John Larry Kelly, Jr.",
	title = "A New Interpretation of Information Rate",
	journal = "Bell System Technical Journal",
	number = "35",
	pages = "917--926",
	day = "21",
	month = "March",
	year = "1956"
}


@unpublished{EZGearEZVision,
	author = "\lowercase{ez}\uppercase{G}ear",
	title = "\lowercase{ez}\uppercase{V}ision G1/X4",
	year = "2008",
	note = "http://www.ezgear.com/ALL/ezVisionCompare.html"
}

@unpublished{vuzixAV230,
	author = "Vuzix",
	title = "\uppercase{AV} 230",
	note = "http://www.vuzix.com/iwear/products\_av230.html",
	year = "2008"
}


@unpublished{myvushades,
	author = "Myvu",
	title = "Shades 301",
	note = "http://www.myvu.com/Products/shades/",
	year = "2008"
}

@unpublished{lcddigital,
	author = "\uppercase{LCDD}igital",
	title = "\uppercase{LCDVG}",
	note = "http://www.lcddigital.tv/video-goggles-silver.html",
	year = "2006"
}

@book{pcf8591,
 title = "PCF8591 8-bit A/D and D/A converter product specification",
 month = "Jan.",
 year = "2003",
 publisher = "Phillips Semiconductors"
}

@unpublished{eulerAngles2008,
	author = "Weisstein, Eric W.",
	title = "Euler Angles",
	note = "http://mathworld.wolfram.com/EulerAngles.html",
	year = "2008"
}

@book{usbHID2004,
 title = "Universal Serial Bus HID Usage Tables",
 month = "Oct.",
 year = "2004",
 publisher = "USB Implementers' Forum",
 note = {http://www.nordicsemi.no/files/Picture/Product/nRF24L01\_Product\_Brief\_v1{\textunderscore}0.pdf}
}


@book{nRF24L,
 title = "nRF24L01 -- Single chip 2.4GHz Transceiver",
 year = "2008",
 publisher = "Nordic Semiconductor",
 note = {http://www.nordicsemi.no/files/Picture/Product/nRF24L01\_Product\_Brief\_v1{\textunderscore}0.pdf}
}

@article{susstrunk2000,
	author = {Sabine E. S\"{u}sstrunk and Jack M. Holm and Graham D. Finlayson},
	title = "Chromatic adaptation performance of different RGB sensors",
	journal = "IS\&T/SPIE Electronic Imaging",
	volume = "4300",
	month = "Jan",
	year = "2001"
}

@inproceedings{ciecam02,
	author = "Nathan Moroney and Mark D. Fairchild and Robert W. G. Hunt and Changjun Li and M. Ronnier Luo and Todd Newman",
	title = "The CIECAM02 Color Appearance Model",
	booktitle = "IS\&T/SID Tenth Color Imaging Conf.",
	pages = "23--27",
	year = "2002"
}

@article{cmccat2000,
	author = "Changjun Li and M. Ronnier Luo and Bryan Rigg and Robert W. G. Hunt",
	title = "CMC 2000 Chromatic Adaptation Transform",
	journal = "Color Research and Application",
	volume = "27",
	pages = "49--58",
	year = "2001"
}

@article{HuntLiLuo2003,
	author = "Robert W. G. Hunt and Changjun Li and M. Ronnier Luo",
	title = "Dynamic cone response functions for models of colour appearance",
	journal = "Color Research and Application",
	pages = "79--80",
	year = "2003"
}

@article{Lee86,
	author = "Hsien-Che Lee",
	title = "Method of computing the scene-illuminant chromaticity from specular highlights",
	journal = "Journal of the Optical Society of America",
	volume = "3",
	number = "10",
	pages = "1694--1699",
	month = "Oct.",
	year = "1986"
}

@inproceedings{Funt95,
	author = "Brian Funt",
	title = "Linear models and computational color constancy",
	booktitle = "Proceedings of the 1995 Color Imaging Conference: Color Science, Systems and Applications",
	pages = "26--29",
	address = "IS\&T/SID",
    organization = "Scottsdale, Arizona, USA",
	year = "1995"
}

@article{Finlayson96,
	author = "G. D. Finlayson",
	title = "Color in perspective",
	journal = "IEEE Trans. on Pattern Analysis and Machine Intelligence",
	volume = "18",
	number = "10",
	pages = "1034--1038",
	month = "Oct.",
	year = "1996"
}

@article{bayerInterpolate,
 author = "Sakamoto, T. and Nakanishi, C. and Hase, T.",
 title = "Software pixel interpolation for digital still cameras suitable for a 32-bit \uppercase{MCU}",
 journal = "IEEE Trans. on Consumer Electronics",
 volume = "44",
 number = "4",
 year = "1998",
 month = "Nov."
}

@article{bayerAnalyze,
 author = "Ping-Sing Tsai and Tinku Acharya and Ajay K. Ray",
 title = "Adaptive Fuzzy Color Interpolation",
 journal = "Journal of Electronic Imaging",
 volume = "11",
 number = "3",
 year = "2002",
 month = "July"
}


@manual{bayerpatent,
 author = "Bryce E. Bayer",
 title = "Color Imaging Array",
 month = "July",
 year = "1975",
 organization = "US patent 3,971,065 to Eastman Kodak Company, Patent and Trademark Office",
}

@manual{planckianpatent,
 author = "Youngsun Kim and Bonghwan Cho and Bongsoon Kang and Doo Il Hong",
 title = "Color temperature conversion system and method using the same",
 month = "Oct.",
 year = "2002",
 organization = "US patent 7,024,034 to Samsung Electronics Co., Ltd., Patent and Trademark Office",
}


@inbook{ray2000,
  author = "Sidney F. Ray",
  title = "The Manual of Photography",
  chapter = "Camera Exposure Determination",
  publisher = "9th ed. Oxford: Focal Press",
  year = "2000"
}

@unpublished{clarkvision,
	author = "Roger N. Clark",
	title = "Clarkvision Photography -- Resolution of the Human Eye",
	note = "http://www.clarkvision.com/imagedetail/eye-resolution.html",
	month = "Dec.",
	year = "2007"
}


@unpublished{cambridgeincolour,
	author = "Sean McHugh",
	title = "Understanding Dynamic Range in Digital Photography",
	note = "http://www.cambridgeincolour.com/tutorials/dynamic-range.htm",
	year = "2008"
}

@unpublished{photoxelsWB,
		author = "Photoxels",
		title = "Digital Photography Tutorial: Understanding White Balance",
		note = {http://www.photoxels.com/tutorial\_white-balance.html},
		year = "2008"
}

author = "\uppercase{CIE}",
@book{cie1931,
 
 title = "\uppercase{CIE} \uppercase{S} 014-1/E:2006: \uppercase{CIE} Standard Colorimetric Observers",
 publisher = "Commission Int'l de l'\'{E}clairage, Vienna, Austria",
 year = "2006"
}

editor = "ISO",
@book{isocie1931,
 
 title = "ISO 10527:2007(E): CIE Standard Colorimetric Observers",
 publisher = "Int'l Organization for Standardization, Geneva, Switzerland",
 year = "2006"
}

@book{itu709,
		title = "ITU-R BT.709: Parameter values for the HDTV standards for production and international programme exchange",
		publisher = "Int'l Telecommunication Union",
		month = "April",
		year = "2002"

}
http://www.itu.int/rec/R-REC-BT.709/en


@book{mt9t001,
 title = "MT9T001 -- 1/2-Inch 3-Megapixel CMOS Digital Image Sensor",
 year = "2004",
 publisher = "Micron Technology Inc."
}

@book{mt9p031,
 title = "MT9P031: 1/2.5-Inch 5-Megapixel CMOS Digital Image Sensor",
 year = "2006",
 publisher = "Micron Technology Inc."
}

@book{cipa2004,
	title = "CIPA DC-004 Standard -- Sensitivity of digital cameras",
	publisher = "Camera \& Imaging Products Association, Tokyo, Japan",
	month = "July",
	year = "2004"
}

@inbook{bornstein1994,
   author = "Kate Bornstein",
   title = "PHIL 202 Reader",
   chapter = "The Other Questions",
   publisher = "University of Waterloo",
   pages = "89-95",
   year = "1994"
}


@inbook{nicholson1998,
   author = "Linda Nicholson",
   title = "PHIL 202 Reader",
   chapter = "Gender",
   publisher = "University of Waterloo",
   pages = "2-10",
   year = "1998"
}


@inbook{george2000,
   author = "Kathryn Paxton George",
   title = "The Animal Ethics Reader",
   chapter = "A Feminist Critique of Ethical Vegetarianism",
   publisher = "Routledge",
   pages = "216-221",
   year = "2000"
}

@inbook{adams1990,
   author = "Carol J. Adams",
   title = "The Animal Ethics Reader",
   chapter = "The Rape of Animals, the Butchering of Women",
   publisher = "Routledge",
   pages = "209-215",
   year = "1990"
}

@inbook{warren1990,
   author = "Karen J. Warren",
   title = "Environmental Ethics",
   chapter = "The Power and Promise of Ecological Feminsim",
   publisher = "Oxford University Press",
   pages = "234-247",
   year = "1990"
}


@article{lowe04,
  author = "D. Lowe",
  title = "Distinctive image features from scale-invariant keypoints",
  journal = "International Journal of Computer Vision",
  volume = "60",
  number = "2",
  pages = "91--110",
  year = "2004"
}


@article{mikolajczykSchmid,
  author = "K. Mikolajczyk and C. Schmid",
  title = "A Performance Evaluation of Local Descriptors",
  journal = "IEEE Trans. on Pattern Analysis and Machine Intelligence",
  volume = "27",
  number = "10",
  pages = "1615--1630",
  month = "Oct.",
  year = "2005"
}


@inproceedings{winderBrown2007,
  author = "S.A.J. Winder and M. Brown",
  title = "Learning Local Image Descriptors",
  booktitle = "IEEE Converence on Computer Vision and Pattern Recognition",
  address = "CVPR '07",
  note = "1-4244-1180-7",
  year = "2007"
}


@inproceedings{kimGRIF2006,
  author = "S. Kim and I. S. Kweon",
  title = "Biologically Motivated Perceptual Feature: Generalized Robust Invariant Feature",
  booktitle = "Lecture Notes in Computer Science, Asian Conf. on Computer Vision 2006",
  address = "LNCS ACCV06",
  pages = "3852:305-314",
  year = "2006"
}


@inproceedings{vanGoolSURF06,
  author = "H. Bay and T. Tuytelaars and L. Van Gool",
  title = "SURF: Speeded Up Robust Features",
  booktitle = "9th European Conf. Computer Vision",
  organization = "Graz, Austria",
  address = "ECCV 2006",
  year = "266"
  
}




@misc{SURFcode,
  author = "H. Bay and T. Tuytelaars and L. Van Gool",
  title = "SURF: Speeded Up Robust Features",
  month = "Dec.",
  year = "2006",
  howpublished = "Swiss Federal Inst. Technology",
  note = "http://www.vision.ee.ethz.ch/~surf/download.html"
}

